@book{wickham_r_nodate,
  title = {R for {{Data Science}}},
  author = {Wickham, Hadley and Ã‡etinkaya-Rundel, Mine and Grolemund, Garrett},
  edition = {2},
  url = {https://r4ds.hadley.nz/}
}
